%%%%%%%%%%%%%%%%%%%%%%%%%%%%%%%%%%%%

%% Base Bibliografica

%%%%%%%%%%%%%%%%%%%%%%%%%%%%%%%%%%%%

@InCollection{ARCHER1999,
	author={N.P. Archer and F. Ghasemzadeh},
	title={An integrated framework for project portfolio selection},
	year={1999},
	pages={207-216},
	volume = {17},
	publisher = {International Journal of Project Management},
}

@book{CATELLI1999,
	author={Armando Catelli},
	title={Controladoria - Uma abordagem da Gestão Econômica - GECON},
	publisher={Atlas},
	address={São Paulo, SP},
	edition={2},
	year={1999}
}

@book{COOPER2001,
	author={ROBERT G. COOPER and SCOTT J EDGETT and ELKO J KLEINSCHMIDT},
	title={Portfolio Management for New Products},
	publisher={Basic Books},
	address={Nova York, NY},
	edition={2},
	year={2001}
}

@InCollection{COOPER2001b,
	author={ROBERT G. COOPER and SCOTT J EDGETT and ELKO J KLEINSCHMIDT},
	title={Project Portfolio Management in New Product Development: Results of a Industry Practices Study},
	year={2001},
	pages={361-380},
	volume = {31},
	publisher = {R\&D Management},
	address = {Canada}
}

@book{CRAWFORD2002,
	author={J. KENT CRAWFORD},
	title={The Strategic Project Office: A Guide to Improving Organizational Performance},
	publisher={Marcel Dekker},
	address={Nova York, NY},
	edition={3},
	year={2002}
}

@book{DINSMORE2010,
	author={Paul Campbell Dinsmore},
	title={Transformando Estratégias Empresariais em Resultados Através da Gerência por Projeto},
	publisher={Qualitymark},
	address={Rio de Janeiro, RJ},
	edition={2},
	year={2010}
}

@book{JOHNSON2009,
	author={Gerry Johnson and Kevan Scholes and Richard Whittington},
	title={Exploring Corporate Strategy: Text and Cases},
	publisher={Prentice Hall},
	address={Hertfordshire, UK},
	edition={8},
	year={2009}
}

@book{KAPLAN2001,
	author={ROBERT S. KAPLAN and DAVID P. NORTON},
	title={Organização Orientada para Estratégia: Como as Empresas que Adotaram o Balanced Scorecard Prosperam no Novo Ambiente de Negócios},
	publisher={Campus},
	address={Rio de Janeiro, RJ},
	edition={8},
	year={2001}
}

@book{LEVINE2010,
	author={Harvey A. Levine},
	title={Project Portfolio Management: A Practical Guide to Selecting Projects, Managing Portfolios, and Maximizing Benefits},
	publisher={John Wiley \& Sons},
	address={Nova York, NY},
	edition={1},
	year={2010}
}

@book{MARTINO1993,
	author={Joseph Paul Martino},
	title={Technological forecasting for decision making},
	publisher={McGraw-Hill},
	address={Nova York, NY},
	edition={3},
	year={1993}
}

@InCollection{McFARLAN1981,
	author={McFARLAN, W. E},
	title={Portfolio approach to information systems},
	year={1981},
	pages={142-150},
	volume = {59},
	publisher = {Harvard Business Review},
	address = {Massachusetts}
}

@book{SOFTEX2007,
	author={SOFTEX},
	title={MPS.BR - Melhoria de Processo do Software Brasileiro - Guia de Implementação - Parte 2: Nível F},
	year={2007}
}

@book{SPPM2008,
	author={PMI},
	title={The standard for portfolio management},
	publisher={The Project Management Institute},
	address={Newtown Square, PA},
	edition={2},
	year={2008}
}

@book{PMBOK2008,
	author={PMI},
	title={Project Management Body of Knowledge},
	publisher={The Project Management Institute},
	address={Newtown Square, PA},
	edition={4},
	year={2008}
}

@InCollection{PORTER1979,
	author={PORTER, M. E},
	title={How Competitive forces shape strategy},
	year={1979},
	pages={137-145},
	publisher = {Harvard Business Review},
	address = {Massachusetts}
}

@InCollection{PORTER1996,
	author={PORTER, M. E},
	title={What is strategy?},
	year={1996},
	pages={61-78},
	publisher = {Harvard Business Review},
	address = {Massachusetts}
}

@InCollection{PRAHALAD1997,
	author={PRAHALAD, C.K},
	title={A Competência Essencial},
	year={1997},
	pages={6-11},
	publisher = {HSM Management},
}

@InCollection{PRAHALAD1998,
	author={PRAHALAD, C.K},
	title={Em Busca do Novo},
	year={1998},
	pages={6-12},
	publisher = {HSM Management},
}

@book{PRAHALAD1994,
	author={GARY HAMEL and C. K PRAHALAD},
	title={Competing for the Future},
	publisher = {HSM Management},
	edition = {6},
	year={1994},	
}

@InCollection{RABECHINI2005,
	author={RABECHINI, Roque and MAXIMIANO, Antonio C.A. and Martins, Vergilio A},
	title={A adoção de gerenciamento de portfolio como uma alternativa gerencial: o caso de uma empresa prestadora de serviço de interconexão eletrônica},
	year={2005},
	pages={416-433},
	publisher = {Revista Produção},
}

@InCollection{ROCKART1979,
	author={ROCKART, J. F},
	title={Chief Executives define their own data needs},
	year={1979},
	pages={81-92},
	publisher = {Harvard Business Review},
}

@book{SANVICENTE2000,
	author={SANVICENTE, Antonio Z. and SANTOS, Celso da Costa},
	title={Orçamento na Administração de Empresas: planejamento e controle},
	publisher = {Atlas},
	year={2000},	
}

@book{WHEELWRIGHT1993,
	author={WHEELWRIGHT, S. C.; CLARK, K. B},
	title={Managing new product and process development},
	publisher = {Free Press},
	year={1993},	
}